
@article{taddy_dynamic_2011,
	title = {Dynamic Trees for Learning and Design},
	volume = {106},
	journal = {Journal of the American Statistical Association},
	author = {Taddy, M. A. and Gramacy, R. B. and Polson, N. G.},
	year = {2011},
	pages = {109--123}
}

@article{gramacy_variable_2011,
	title = {Variable Selection and Sensitivity Analysis via Dynamic Trees},
	journal = {In Preparation},
	author = {Gramacy, R. B. and Taddy, M. A. and Wild, Stefan},
	year = {2011}
}

@article{gramacy_bayesian_2008,
	title = {Bayesian treed Gaussian process models with an application to computer modeling},
	volume = {103},
	journal = {Journal of the American Statistical Association},
	author = {Gramacy, Robert B. and Lee, Herbert K. H.},
	year = {2008},
	pages = {1119--1130}
}

@article{chipman_bayesian_1998,
	title = {Bayesian {CART} Model Search (with discussion)},
	volume = {93},
	journal = {Journal of the American Statistical Association},
	author = {Chipman, H.A. and George, E.I. and McCulloch, R.E.},
	year = {1998},
	pages = {935--960}
}

@book{hastie_elements_2009,
	title = {The Elements of Statistical Learning},
	publisher = {Springer},
	author = {Hastie, Trevor and Tibshirani, Robert and Friedman, Jerome H.},
	year = {2009}
}

@article{chipman_bart:_2010,
	title = {{BART}: Bayesian Additive Regression Trees},
	volume = {4},
	journal = {The Annals of Applied Statistics},
	author = {Chipman, Hugh A. and George, Edward I. and McCulloch, Robert E.},
	year = {2010},
	pages = {266--298}
}

@article{breiman_random_2001,
	title = {Random forests},
	volume = {45},
	journal = {Machine Learning},
	author = {Breiman, Leo},
	year = {2001},
	pages = {5--32}
}

@inproceedings{han_scalable_2013,
	title = {A scalable random forest algorithm based on {MapReduce}},
	url = {http://ieeexplore.ieee.org/xpls/abs_all.jsp?arnumber=6615438},
	urldate = {2015-01-15},
	booktitle = {Software Engineering and Service Science ({ICSESS}), 2013 4th {IEEE} International Conference on},
	publisher = {{IEEE}},
	author = {Han, Jiawei and Liu, Yanheng and Sun, Xin},
	year = {2013},
	pages = {849--852},
	file = {06615438.pdf:/home/taddy/.mozilla/firefox/grmcxww1.default/zotero/storage/D33XTT9J/06615438.pdf:application/pdf}
}

@article{panda_planet:_2009,
	title = {Planet: massively parallel learning of tree ensembles with mapreduce},
	volume = {2},
	shorttitle = {Planet},
	url = {http://dl.acm.org/citation.cfm?id=1687569},
	number = {2},
	urldate = {2015-01-15},
	journal = {Proceedings of the {VLDB} Endowment},
	author = {Panda, Biswanath and Herbach, Joshua S. and Basu, Sugato and Bayardo, Roberto J.},
	year = {2009},
	pages = {1426--1437},
	file = {p1426-panda.pdf:/home/taddy/.mozilla/firefox/grmcxww1.default/zotero/storage/MAT3G2FT/p1426-panda.pdf:application/pdf}
}

@inproceedings{clyde_bagging_2001,
	title = {Bagging and the Bayesian bootstrap},
	booktitle = {Artificial Intelligence and Statistics},
	author = {Clyde, Merlise and Lee, Herbert},
	year = {2001},
	file = {clyde-lee.ps:/home/taddy/.mozilla/firefox/grmcxww1.default/zotero/storage/2NUT8PCA/clyde-lee.ps:application/postscript}
}

@inproceedings{domingos_why_1997,
	title = {Why Does Bagging Work? A Bayesian Account and its Implications},
	booktitle = {International Conference on Knowledge Discovery and Data Mining},
	author = {Domingos, Pedro},
	year = {1997},
	file = {kdd97.pdf:/home/taddy/.mozilla/firefox/grmcxww1.default/zotero/storage/Q7CKUU2U/kdd97.pdf:application/pdf}
}

@book{breiman_classification_1984,
	title = {Classification and regression trees},
	publisher = {Chapman \& Hall/{CRC}},
	author = {Breiman, Leo and Friedman, Jerome and Olshen, Richard and Stone, Charles},
	year = {1984}
}