
@article{green_iteratively_1984,
	title = {Iteratively Reweighted Least Squares for Maximum Likelihood Estimation, and some Robust and Resistant Alternatives},
	volume = {46},
	journal = {Journal of the Royal Statistical Society, Series B},
	author = {Green, Peter J.},
	year = {1984},
	pages = {149--192},
	file = {green.pdf:/home/taddy/.mozilla/firefox/grmcxww1.default/zotero/storage/4TSX6KS3/green.pdf:application/pdf}
}

@article{taddy_dynamic_2011,
	title = {Dynamic Trees for Learning and Design},
	volume = {106},
	journal = {Journal of the American Statistical Association},
	author = {Taddy, M. A. and Gramacy, R. B. and Polson, N. G.},
	year = {2011},
	pages = {109--123}
}

@article{boyd_distributed_2010,
	title = {Distributed Optimization and Statistical Learning via the Alternating Direction Method of Multipliers},
	volume = {3},
	journal = {Foundations and Trends in Machine Learning},
	author = {Boyd, Stephen and Parikh, Neal and Chu, Eric and Peleato, Borja and Eckstein, Jonathan},
	year = {2010},
	pages = {1--122}
}

@article{gramacy_variable_2011,
	title = {Variable Selection and Sensitivity Analysis via Dynamic Trees},
	journal = {In Preparation},
	author = {Gramacy, R. B. and Taddy, M. A. and Wild, Stefan},
	year = {2011}
}

@article{ferguson_bayesian_1973,
	title = {A Bayesian analysis of some nonparametric problems},
	volume = {1},
	journal = {Annals of Statistics},
	author = {Ferguson, T.S.},
	year = {1973},
	pages = {209--230}
}

@article{gramacy_bayesian_2008,
	title = {Bayesian treed Gaussian process models with an application to computer modeling},
	volume = {103},
	journal = {Journal of the American Statistical Association},
	author = {Gramacy, Robert B. and Lee, Herbert K. H.},
	year = {2008},
	pages = {1119--1130}
}

@article{mackay_choice_1998,
	title = {Choice of Basis for Laplace Approximation},
	volume = {33},
	journal = {Machine Learning},
	author = {Mackay, David},
	year = {1998},
	pages = {77--86}
}

@article{chipman_bayesian_1998,
	title = {Bayesian {CART} Model Search (with discussion)},
	volume = {93},
	journal = {Journal of the American Statistical Association},
	author = {Chipman, H.A. and George, E.I. and McCulloch, R.E.},
	year = {1998},
	pages = {935--960}
}

@book{hastie_elements_2009,
	title = {The Elements of Statistical Learning},
	publisher = {Springer},
	author = {Hastie, Trevor and Tibshirani, Robert and Friedman, Jerome H.},
	year = {2009}
}

@article{tibshirani_regression_1996,
	title = {Regression shrinkage and selection via the lasso},
	volume = {58},
	journal = {Journal of the Royal Statistical Society, Series B},
	author = {Tibshirani, Robert},
	year = {1996},
	pages = {267--288}
}

@article{chipman_bart:_2010,
	title = {{BART}: Bayesian Additive Regression Trees},
	volume = {4},
	journal = {The Annals of Applied Statistics},
	author = {Chipman, Hugh A. and George, Edward I. and McCulloch, Robert E.},
	year = {2010},
	pages = {266--298}
}

@article{breiman_random_2001,
	title = {Random forests},
	volume = {45},
	journal = {Machine Learning},
	author = {Breiman, Leo},
	year = {2001},
	pages = {5--32}
}

@article{taddy_gamma_2013,
	title = {The gamma lasso},
	author = {Taddy, Matt},
	year = {2013},
	note = {{arXiv}:1308.5623}
}

@article{hill_bayesian_2011,
	title = {Bayesian Nonparametric Modeling for Causal Inference},
	volume = {20},
	issn = {1061-8600, 1537-2715},
	url = {http://www.tandfonline.com/doi/abs/10.1198/jcgs.2010.08162},
	doi = {10.1198/jcgs.2010.08162},
	number = {1},
	urldate = {2014-02-27},
	journal = {Journal of Computational and Graphical Statistics},
	author = {Hill, Jennifer L.},
	month = jan,
	year = {2011},
	pages = {217--240},
	file = {jcgs.2010.pdf:/home/taddy/.mozilla/firefox/grmcxww1.default/zotero/storage/Z6TIMJST/jcgs.2010.pdf:application/pdf}
}

@article{kang_demystifying_2007,
	title = {Demystifying Double Robustness: A Comparison of Alternative Strategies for Estimating a Population Mean from Incomplete Data},
	volume = {22},
	issn = {0883-4237},
	shorttitle = {Demystifying Double Robustness},
	url = {http://projecteuclid.org/euclid.ss/1207580167},
	doi = {10.1214/07-STS227},
	language = {en},
	number = {4},
	urldate = {2014-04-07},
	journal = {Statistical Science},
	author = {Kang, Joseph D. Y. and Schafer, Joseph L.},
	month = nov,
	year = {2007},
	pages = {523--539},
	file = {1207580167.pdf:/home/taddy/.mozilla/firefox/grmcxww1.default/zotero/storage/U2A2FR3C/1207580167.pdf:application/pdf}
}

@article{boutsidis_randomized_2011,
	title = {Randomized Dimensionality Reduction for k-means Clustering},
	url = {http://arxiv.org/abs/1110.2897},
	urldate = {2014-05-21},
	journal = {{arXiv} preprint {arXiv}:1110.2897},
	author = {Boutsidis, Christos and Zouzias, Anastasios and Mahoney, Michael W. and Drineas, Petros},
	year = {2011},
	file = {1110.2897v2.pdf:/home/taddy/.mozilla/firefox/grmcxww1.default/zotero/storage/T673U6QP/1110.2897v2.pdf:application/pdf}
}

@inproceedings{hocking_clusterpath_2011,
	title = {Clusterpath an algorithm for clustering using convex fusion penalties},
	url = {http://hal.inria.fr/hal-00591630/},
	urldate = {2014-05-30},
	booktitle = {28th international conference on machine learning},
	author = {Hocking, Toby Dylan and Joulin, Armand and Bach, Francis and Vert, Jean-Philippe},
	year = {2011},
	file = {419_icmlpaper.pdf:/home/taddy/.mozilla/firefox/grmcxww1.default/zotero/storage/IVZGJUUF/419_icmlpaper.pdf:application/pdf}
}

@inproceedings{mahoney_approximate_2012,
	title = {Approximate computation and implicit regularization for very large-scale data analysis},
	url = {http://dl.acm.org/citation.cfm?id=2213579},
	urldate = {2014-05-21},
	booktitle = {Proceedings of the 31st symposium on Principles of Database Systems},
	publisher = {{ACM}},
	author = {Mahoney, Michael W.},
	year = {2012},
	pages = {143--154},
	file = {1203.0786v1.pdf:/home/taddy/.mozilla/firefox/grmcxww1.default/zotero/storage/XE5Q9Z86/1203.0786v1.pdf:application/pdf}
}

@inproceedings{han_scalable_2013,
	title = {A scalable random forest algorithm based on {MapReduce}},
	url = {http://ieeexplore.ieee.org/xpls/abs_all.jsp?arnumber=6615438},
	urldate = {2015-01-15},
	booktitle = {Software Engineering and Service Science ({ICSESS}), 2013 4th {IEEE} International Conference on},
	publisher = {{IEEE}},
	author = {Han, Jiawei and Liu, Yanheng and Sun, Xin},
	year = {2013},
	pages = {849--852},
	file = {06615438.pdf:/home/taddy/.mozilla/firefox/grmcxww1.default/zotero/storage/D33XTT9J/06615438.pdf:application/pdf}
}

@article{duan_comparison_1983,
	title = {A comparison of alternative models for the demand for medical care},
	volume = {1},
	issn = {07350015},
	url = {http://www.jstor.org/stable/1391852?origin=crossref},
	doi = {10.2307/1391852},
	number = {2},
	urldate = {2014-11-14},
	journal = {Journal of Business \& Economic Statistics},
	author = {Duan, Naihua and Manning, Willard G. and Morris, Carl N. and Newhouse, Joseph P.},
	month = apr,
	year = {1983},
	pages = {115},
	file = {1391852.pdf:/home/taddy/.mozilla/firefox/grmcxww1.default/zotero/storage/HCS2QMFH/1391852.pdf:application/pdf}
}

@article{panda_planet:_2009,
	title = {Planet: massively parallel learning of tree ensembles with mapreduce},
	volume = {2},
	shorttitle = {Planet},
	url = {http://dl.acm.org/citation.cfm?id=1687569},
	number = {2},
	urldate = {2015-01-15},
	journal = {Proceedings of the {VLDB} Endowment},
	author = {Panda, Biswanath and Herbach, Joshua S. and Basu, Sugato and Bayardo, Roberto J.},
	year = {2009},
	pages = {1426--1437},
	file = {p1426-panda.pdf:/home/taddy/.mozilla/firefox/grmcxww1.default/zotero/storage/MAT3G2FT/p1426-panda.pdf:application/pdf}
}

@article{brown_means_1977,
	title = {Means and variances of stochastic vector products with applications to random linear models},
	volume = {24},
	url = {http://pubsonline.informs.org/doi/abs/10.1287/mnsc.24.2.210},
	number = {2},
	urldate = {2014-11-06},
	journal = {Management Science},
	author = {Brown, Gerald G. and Rutemiller, Herbert C.},
	year = {1977},
	pages = {210--216},
	file = {Meansandvariances.pdf:/home/taddy/.mozilla/firefox/grmcxww1.default/zotero/storage/HK2TZNAW/Meansandvariances.pdf:application/pdf}
}

@article{white_heteroskedasticity-consistent_1980,
	title = {A heteroskedasticity-consistent covariance matrix estimator and a direct test for heteroskedasticity},
	volume = {48},
	issn = {00129682},
	url = {http://www.jstor.org/stable/1912934?origin=crossref},
	doi = {10.2307/1912934},
	number = {4},
	urldate = {2014-11-19},
	journal = {Econometrica},
	author = {White, Halbert},
	month = may,
	year = {1980},
	pages = {817},
	file = {1912934.pdf:/home/taddy/.mozilla/firefox/grmcxww1.default/zotero/storage/2ERK9R7D/1912934.pdf:application/pdf}
}

@article{imbens_nonparametric_2004,
	title = {Nonparametric Estimation Of Average Treatment Effects under Exogeneity: A Review},
	volume = {86},
	journal = {The Review of Economics and Statistics},
	author = {Imbens, Guido},
	year = {2004},
	pages = {4--29},
	file = {Imbens2004.pdf:/home/taddy/.mozilla/firefox/grmcxww1.default/zotero/storage/3S3X79C2/Imbens2004.pdf:application/pdf}
}

@article{hurvich_regression_1989,
	title = {Regression and time series model selection in small samples},
	volume = {76},
	url = {http://biomet.oxfordjournals.org/content/76/2/297.short},
	number = {2},
	urldate = {2014-09-19},
	journal = {Biometrika},
	author = {Hurvich, Clifford M. and Tsai, Chih-Ling},
	year = {1989},
	pages = {297--307},
	file = {hurvich_tsai89.pdf:/home/taddy/.mozilla/firefox/grmcxww1.default/zotero/storage/HHV8B5NE/hurvich_tsai89.pdf:application/pdf}
}

@article{lin_comments_2014,
	title = {Comments on “Covariance adjustments for the analysis of randomized field experiments”},
	volume = {38},
	url = {http://www.stat.berkeley.edu/~winston/penn-and-paper.pdf},
	urldate = {2014-11-04},
	journal = {Evaluation Review},
	author = {Lin, Winston},
	year = {2014},
	pages = {449--451},
	file = {penn-and-paper.pdf:/home/taddy/.mozilla/firefox/grmcxww1.default/zotero/storage/4WBDEKUR/penn-and-paper.pdf:application/pdf}
}

@techreport{hahn_decoupling_2014,
	title = {Decoupling shrinkage and selection in Bayesian linear models: a posterior summary perspective},
	url = {http://faculty.chicagobooth.edu/richard.hahn/DSS2014.pdf},
	author = {Hahn, Richard and Carvalho, Carlos},
	year = {2014},
	file = {DSS2014.pdf:/home/taddy/.mozilla/firefox/grmcxww1.default/zotero/storage/I2GJXR4X/DSS2014.pdf:application/pdf}
}

@article{berk_covariance_2013,
	title = {Covariance Adjustments for the Analysis of Randomized Field Experiments},
	volume = {37},
	issn = {0193-841X, 1552-3926},
	url = {http://erx.sagepub.com/cgi/doi/10.1177/0193841X13513025},
	doi = {10.1177/0193841X13513025},
	language = {en},
	number = {3-4},
	urldate = {2014-11-04},
	journal = {Evaluation Review},
	author = {Berk, R. and Pitkin, E. and Brown, L. and Buja, A. and George, E. and Zhao, L.},
	month = jun,
	year = {2013},
	pages = {170--196},
	file = {berk.pdf:/home/taddy/.mozilla/firefox/grmcxww1.default/zotero/storage/CK9ZCERR/berk.pdf:application/pdf}
}

@article{hirose_tuning_2013,
	title = {Tuning parameter selection in sparse regression modeling},
	volume = {59},
	issn = {01679473},
	url = {http://linkinghub.elsevier.com/retrieve/pii/S0167947312003556},
	doi = {10.1016/j.csda.2012.10.005},
	language = {en},
	urldate = {2014-10-13},
	journal = {Computational Statistics \& Data Analysis},
	author = {Hirose, Kei and Tateishi, Shohei and Konishi, Sadanori},
	month = mar,
	year = {2013},
	pages = {28--40},
	file = {1-s2.0-S0167947312003556-main.pdf:/home/taddy/.mozilla/firefox/grmcxww1.default/zotero/storage/3Q5DZMVS/1-s2.0-S0167947312003556-main.pdf:application/pdf}
}

@inproceedings{clyde_bagging_2001,
	title = {Bagging and the Bayesian bootstrap},
	booktitle = {Artificial Intelligence and Statistics},
	author = {Clyde, Merlise and Lee, Herbert},
	year = {2001},
	file = {clyde-lee.ps:/home/taddy/.mozilla/firefox/grmcxww1.default/zotero/storage/2NUT8PCA/clyde-lee.ps:application/postscript}
}

@article{rubin_bayesian_1981,
	title = {The Bayesian bootstrap},
	volume = {9},
	journal = {The Annals of Statistics},
	author = {Rubin, Donald},
	year = {1981},
	pages = {130--134},
	file = {2240875.pdf:/home/taddy/.mozilla/firefox/grmcxww1.default/zotero/storage/JGHN92CR/2240875.pdf:application/pdf}
}

@techreport{lancaster_note_2003,
	title = {A note on bootstraps and robustness},
	url = {http://www.econstor.eu/handle/10419/80157},
	urldate = {2014-11-03},
	institution = {Working Paper, Brown University, Department of Economics},
	author = {Lancaster, Tony},
	year = {2003},
	file = {2007-17_paper.pdf:/home/taddy/.mozilla/firefox/grmcxww1.default/zotero/storage/F6WAA7KV/2007-17_paper.pdf:application/pdf}
}

@article{ding_randomization_2014,
	title = {Randomization inference for treatment effect variation},
	url = {http://scholar.harvard.edu/files/feller/files/ding_feller_miratrix_submission.pdf},
	urldate = {2014-12-12},
	journal = {Unpublished manuscript},
	author = {Ding, Peng and Feller, Avi and Miratrix, Luke},
	year = {2014},
	file = {ding_feller_miratrix_submission.pdf:/home/taddy/.mozilla/firefox/grmcxww1.default/zotero/storage/5CNDPGP6/ding_feller_miratrix_submission.pdf:application/pdf}
}

@article{chamberlain_nonparametric_2003,
	title = {Nonparametric Applications of Bayesian Inference},
	volume = {21},
	issn = {0735-0015, 1537-2707},
	url = {http://www.tandfonline.com/doi/abs/10.1198/073500102288618711},
	doi = {10.1198/073500102288618711},
	language = {en},
	number = {1},
	urldate = {2014-11-03},
	journal = {Journal of Business \& Economic Statistics},
	author = {Chamberlain, Gary and Imbens, Guido W},
	month = jan,
	year = {2003},
	pages = {12--18},
	file = {1392346.pdf:/home/taddy/.mozilla/firefox/grmcxww1.default/zotero/storage/CT384PAP/1392346.pdf:application/pdf}
}

@article{mccaffrey_propensity_2004,
	title = {Propensity Score Estimation With Boosted Regression for Evaluating Causal Effects in Observational Studies.},
	volume = {9},
	issn = {1082-989X},
	url = {http://doi.apa.org/getdoi.cfm?doi=10.1037/1082-989X.9.4.403},
	doi = {10.1037/1082-989X.9.4.403},
	language = {en},
	number = {4},
	urldate = {2014-10-09},
	journal = {Psychological Methods},
	author = {McCaffrey, Daniel F. and Ridgeway, Greg and Morral, Andrew R.},
	year = {2004},
	pages = {403--425},
	file = {403.pdf:/home/taddy/.mozilla/firefox/grmcxww1.default/zotero/storage/UC233SB9/403.pdf:application/pdf}
}

@article{scott_modern_2010,
	title = {A modern Bayesian look at the multi-armed bandit},
	volume = {26},
	issn = {15241904},
	url = {http://doi.wiley.com/10.1002/asmb.874},
	doi = {10.1002/asmb.874},
	language = {en},
	number = {6},
	urldate = {2014-10-07},
	journal = {Applied Stochastic Models in Business and Industry},
	author = {Scott, Steven L.},
	month = nov,
	year = {2010},
	pages = {639--658},
	file = {874_ftp.pdf:/home/taddy/.mozilla/firefox/grmcxww1.default/zotero/storage/8GXXH6TD/874_ftp.pdf:application/pdf}
}

@inproceedings{deng_improving_2013,
	title = {Improving the sensitivity of online controlled experiments by utilizing pre-experiment data},
	url = {http://dl.acm.org/citation.cfm?id=2433413},
	urldate = {2014-12-05},
	booktitle = {Proceedings of the sixth {ACM} international conference on Web search and data mining},
	publisher = {{ACM}},
	author = {Deng, Alex and Xu, Ya and Kohavi, Ron and Walker, Toby},
	year = {2013},
	pages = {123--132},
	file = {2013 Deng.pdf:/home/taddy/.mozilla/firefox/grmcxww1.default/zotero/storage/RZBQH72V/2013 Deng.pdf:application/pdf}
}

@article{pitkin_improved_2013,
	title = {Improved precision in estimating average treatment effects},
	url = {http://arxiv.org/abs/1311.0291},
	urldate = {2014-11-06},
	journal = {{arXiv} preprint {arXiv}:1311.0291},
	author = {Pitkin, Emil and Berk, Richard and Brown, Lawrence and Buja, Andreas and George, Ed and Zhang, Kai and Zhao, Linda},
	year = {2013},
	file = {1311.0291v1.pdf:/home/taddy/.mozilla/firefox/grmcxww1.default/zotero/storage/UPPC2WRH/1311.0291v1.pdf:application/pdf}
}

@article{connor_concepts_1969,
	title = {Concepts of Independence for Proportions with a Generalization of the Dirichlet Distribution},
	volume = {64},
	issn = {01621459},
	url = {http://www.jstor.org/stable/2283728?origin=crossref},
	doi = {10.2307/2283728},
	number = {325},
	urldate = {2014-11-22},
	journal = {Journal of the American Statistical Association},
	author = {Connor, Robert J. and Mosimann, James E.},
	month = mar,
	year = {1969},
	pages = {194},
	file = {2283728.pdf:/home/taddy/.mozilla/firefox/grmcxww1.default/zotero/storage/QB7J26PR/2283728.pdf:application/pdf}
}

@techreport{bitler_can_2014,
	title = {Can Variation in Subgroups' Average Treatment Effects Explain Treatment Effect Heterogeneity? Evidence from a Social Experiment},
	shorttitle = {Can Variation in Subgroups' Average Treatment Effects Explain Treatment Effect Heterogeneity?},
	url = {http://www.nber.org/papers/w20142},
	urldate = {2014-12-12},
	institution = {National Bureau of Economic Research},
	author = {Bitler, Marianne P. and Gelbach, Jonah B. and Hoynes, Hilary W.},
	year = {2014},
	file = {w20142.pdf:/home/taddy/.mozilla/firefox/grmcxww1.default/zotero/storage/SGMVNK2F/w20142.pdf:application/pdf}
}

@article{lin_agnostic_2013,
	title = {Agnostic notes on regression adjustments to experimental data: Reexamining Freedman’s critique},
	volume = {7},
	issn = {1932-6157},
	shorttitle = {Agnostic notes on regression adjustments to experimental data},
	url = {http://projecteuclid.org/euclid.aoas/1365527200},
	doi = {10.1214/12-AOAS583},
	language = {en},
	number = {1},
	urldate = {2014-09-22},
	journal = {The Annals of Applied Statistics},
	author = {Lin, Winston},
	month = mar,
	year = {2013},
	pages = {295--318},
	file = {Lin2013.pdf:/home/taddy/.mozilla/firefox/grmcxww1.default/zotero/storage/CWF6P5AW/Lin2013.pdf:application/pdf}
}

@article{miratrix_adjusting_2013,
	title = {Adjusting treatment effect estimates by post-stratification in randomized experiments},
	volume = {75},
	url = {http://onlinelibrary.wiley.com/doi/10.1111/j.1467-9868.2012.01048.x/full},
	number = {2},
	urldate = {2014-12-05},
	journal = {Journal of the Royal Statistical Society: Series B (Statistical Methodology)},
	author = {Miratrix, Luke W. and Sekhon, Jasjeet S. and Yu, Bin},
	year = {2013},
	pages = {369--396},
	file = {2012 Miratrix.pdf:/home/taddy/.mozilla/firefox/grmcxww1.default/zotero/storage/XK49QDBP/2012 Miratrix.pdf:application/pdf}
}

@article{freedman_regression_2008,
	title = {On regression adjustments in experiments with several treatments},
	volume = {2},
	issn = {1932-6157},
	url = {http://projecteuclid.org/euclid.aoas/1206367817},
	doi = {10.1214/07-AOAS143},
	language = {en},
	number = {1},
	urldate = {2014-11-17},
	journal = {The Annals of Applied Statistics},
	author = {Freedman, David A.},
	month = mar,
	year = {2008},
	pages = {176--196},
	file = {30244182.pdf:/home/taddy/.mozilla/firefox/grmcxww1.default/zotero/storage/I5XMCWAJ/30244182.pdf:application/pdf}
}

@article{poirier_bayesian_2011,
	title = {Bayesian Interpretations of Heteroskedastic Consistent Covariance Estimators Using the Informed Bayesian Bootstrap},
	volume = {30},
	issn = {0747-4938, 1532-4168},
	url = {http://www.tandfonline.com/doi/abs/10.1080/07474938.2011.553542},
	doi = {10.1080/07474938.2011.553542},
	language = {en},
	number = {4},
	urldate = {2014-10-29},
	journal = {Econometric Reviews},
	author = {Poirier, Dale J.},
	month = apr,
	year = {2011},
	pages = {457--468},
	file = {poirier2011.pdf:/home/taddy/.mozilla/firefox/grmcxww1.default/zotero/storage/BT2RE7D7/poirier2011.pdf:application/pdf}
}

@book{fisher_statistical_1925,
	title = {Statistical Methods for Research Workers},
	publisher = {Oliver and Boyd},
	author = {Fisher, R.A.},
	year = {1925}
}

@article{grimmer_estimating_2013,
	title = {Estimating Heterogeneous Treatment Effects and the Effects of Heterogeneous Treatments with Ensemble Methods},
	url = {http://pages.shanti.virginia.edu/PolMeth/files/2013/07/GrimmerMessingWestwood.pdf},
	urldate = {2014-09-22},
	author = {Grimmer, Justin and Messing, Solomon and Westwood, Sean J.},
	year = {2013},
	file = {GrimmerHet.pdf:/home/taddy/.mozilla/firefox/grmcxww1.default/zotero/storage/QQKXU35G/GrimmerHet.pdf:application/pdf}
}

@article{copas_local_2005,
	title = {Local model uncertainty and incomplete-data bias (with discussion)},
	volume = {67},
	url = {http://onlinelibrary.wiley.com/doi/10.1111/j.1467-9868.2005.00512.x/full},
	number = {4},
	urldate = {2014-10-09},
	journal = {Journal of the Royal Statistical Society: Series B (Statistical Methodology)},
	author = {Copas, John and Eguchi, Shinto},
	year = {2005},
	pages = {459--513},
	file = {j.1467-9868.2005.00512.x.pdf:/home/taddy/.mozilla/firefox/grmcxww1.default/zotero/storage/88QT2MUC/j.1467-9868.2005.00512.x.pdf:application/pdf}
}

@article{kang_demystifying_2007-1,
	title = {Demystifying Double Robustness: A Comparison of Alternative Strategies for Estimating a Population Mean from Incomplete Data},
	volume = {22},
	issn = {0883-4237},
	shorttitle = {Demystifying Double Robustness},
	url = {http://projecteuclid.org/euclid.ss/1207580167},
	doi = {10.1214/07-STS227},
	language = {en},
	number = {4},
	urldate = {2014-09-22},
	journal = {Statistical Science},
	author = {Kang, Joseph D. Y. and Schafer, Joseph L.},
	year = {2007},
	pages = {523--539},
	file = {kang_schafer_2007.pdf:/home/taddy/.mozilla/firefox/grmcxww1.default/zotero/storage/HQMRF65T/kang_schafer_2007.pdf:application/pdf}
}

@article{freedman_regression_2008-1,
	title = {On regression adjustments to experimental data},
	volume = {40},
	issn = {01968858},
	url = {http://linkinghub.elsevier.com/retrieve/pii/S019688580700005X},
	doi = {10.1016/j.aam.2006.12.003},
	language = {en},
	number = {2},
	urldate = {2014-11-17},
	journal = {Advances in Applied Mathematics},
	author = {Freedman, David A.},
	month = feb,
	year = {2008},
	pages = {180--193},
	file = {1-s2.0-S019688580700005X-main.pdf:/home/taddy/.mozilla/firefox/grmcxww1.default/zotero/storage/NRA89KE6/1-s2.0-S019688580700005X-main.pdf:application/pdf}
}

@book{berger_statistical_1985,
	title = {Statistical decision theory and Bayesian analysis},
	publisher = {Springer},
	author = {Berger, J. O.},
	year = {1985}
}

@inproceedings{domingos_why_1997,
	title = {Why Does Bagging Work? A Bayesian Account and its Implications},
	booktitle = {International Conference on Knowledge Discovery and Data Mining},
	author = {Domingos, Pedro},
	year = {1997},
	file = {kdd97.pdf:/home/taddy/.mozilla/firefox/grmcxww1.default/zotero/storage/Q7CKUU2U/kdd97.pdf:application/pdf}
}

@book{breiman_classification_1984,
	title = {Classification and regression trees},
	publisher = {Chapman \& Hall/{CRC}},
	author = {Breiman, Leo and Friedman, Jerome and Olshen, Richard and Stone, Charles},
	year = {1984}
}

@book{hollander_nonparametric_1999,
	edition = {2nd},
	title = {Nonparametric Statistical Methods},
	publisher = {Wiley},
	author = {Hollander, Myles and Wolfe, Douglas},
	year = {1999}
}

@article{geurts_extremely_2006,
	title = {Extremely randomized trees},
	volume = {63},
	issn = {0885-6125, 1573-0565},
	url = {http://link.springer.com/10.1007/s10994-006-6226-1},
	doi = {10.1007/s10994-006-6226-1},
	language = {en},
	number = {1},
	urldate = {2015-01-22},
	journal = {Machine Learning},
	author = {Geurts, Pierre and Ernst, Damien and Wehenkel, Louis},
	month = apr,
	year = {2006},
	pages = {3--42},
	file = {geurts-mlj-advance.pdf:/home/taddy/.mozilla/firefox/grmcxww1.default/zotero/storage/MG59DB7S/geurts-mlj-advance.pdf:application/pdf}
}

@article{friedman_multivariate_1991,
	title = {Multivariate Adaptive Regression Splines},
	volume = {19},
	journal = {The Annals of Statistics},
	author = {Friedman, Jerome},
	year = {1991},
	pages = {1--67},
	file = {1176347963.pdf:/home/taddy/.mozilla/firefox/grmcxww1.default/zotero/storage/4U2EI8XQ/1176347963.pdf:application/pdf}
}