
@article{green_iteratively_1984,
	title = {Iteratively Reweighted Least Squares for Maximum Likelihood Estimation, and some Robust and Resistant Alternatives},
	volume = {46},
	journal = {Journal of the Royal Statistical Society, Series B},
	author = {Green, Peter J.},
	year = {1984},
	pages = {149--192},
}

@article{taddy_dynamic_2011,
	title = {Dynamic Trees for Learning and Design},
	volume = {106},
	journal = {Journal of the American Statistical Association},
	author = {Taddy, M. A. and Gramacy, R. B. and Polson, N. G.},
	year = {2011},
	pages = {109--123}
}

@article{boyd_distributed_2010,
	title = {Distributed Optimization and Statistical Learning via the Alternating Direction Method of Multipliers},
	volume = {3},
	journal = {Foundations and Trends in Machine Learning},
	author = {Boyd, Stephen and Parikh, Neal and Chu, Eric and Peleato, Borja and Eckstein, Jonathan},
	year = {2010},
	pages = {1--122}
}

@article{gramacy_variable_2011,
	title = {Variable Selection and Sensitivity Analysis via Dynamic Trees},
	journal = {In Preparation},
	author = {Gramacy, R. B. and Taddy, M. A. and Wild, Stefan},
	year = {2011}
}

@article{ferguson_bayesian_1973,
	title = {A {B}ayesian analysis of some nonparametric problems},
	volume = {1},
	journal = {Annals of Statistics},
	author = {Ferguson, T.S.},
	year = {1973},
	pages = {209--230}
}

@article{gramacy_bayesian_2008,
	title = {Bayesian treed Gaussian process models with an application to computer modeling},
	volume = {103},
	journal = {Journal of the American Statistical Association},
	author = {Gramacy, Robert B. and Lee, Herbert K. H.},
	year = {2008},
	pages = {1119--1130}
}

@article{mackay_choice_1998,
	title = {Choice of Basis for Laplace Approximation},
	volume = {33},
	journal = {Machine Learning},
	author = {Mackay, David},
	year = {1998},
	pages = {77--86}
}

@article{chipman_bayesian_1998,
	title = {Bayesian {CART} Model Search (with discussion)},
	volume = {93},
	journal = {Journal of the American Statistical Association},
	author = {Chipman, H.A. and George, E.I. and McCulloch, R.E.},
	year = {1998},
	pages = {935--960}
}

@book{hastie_elements_2009,
	title = {The Elements of Statistical Learning},
	publisher = {Springer},
	author = {Hastie, Trevor and Tibshirani, Robert and Friedman, Jerome H.},
	year = {2009}
}

@article{tibshirani_regression_1996,
	title = {Regression shrinkage and selection via the lasso},
	volume = {58},
	journal = {Journal of the Royal Statistical Society, Series B},
	author = {Tibshirani, Robert},
	year = {1996},
	pages = {267--288}
}

@article{chipman_bart:_2010,
	title = {{BART}: Bayesian Additive Regression Trees},
	volume = {4},
	journal = {The Annals of Applied Statistics},
	author = {Chipman, Hugh A. and George, Edward I. and McCulloch, Robert E.},
	year = {2010},
	pages = {266--298}
}

@article{breiman_random_2001,
	title = {Random forests},
	volume = {45},
	journal = {Machine Learning},
	author = {Breiman, Leo},
	year = {2001},
	pages = {5--32}
}

@article{taddy_gamma_2013,
	title = {Path adaptation of weighted L1 regulization},
	author = {Taddy, Matt},
	year = {2013},
	note = {{arXiv}:1308.5623}
}

@article{hill_bayesian_2011,
	title = {Bayesian Nonparametric Modeling for Causal Inference},
	volume = {20},
	number = {1},
	journal = {Journal of Computational and Graphical Statistics},
	author = {Hill, Jennifer L.},
	month = jan,
	year = {2011},
	pages = {217--240}
}

@article{kang_demystifying_2007,
	title = {Demystifying Double Robustness: A Comparison of Alternative Strategies for Estimating a Population Mean from Incomplete Data},
	volume = {22},
	shorttitle = {Demystifying Double Robustness},
	language = {en},
	number = {4},
	journal = {Statistical Science},
	author = {Kang, Joseph D. Y. and Schafer, Joseph L.},
	month = nov,
	year = {2007},
	pages = {523--539}
}

@article{boutsidis_randomized_2011,
	title = {Randomized Dimensionality Reduction for k-means Clustering},
	journal = {{arXiv}:1110.2897},
	author = {Boutsidis, Christos and Zouzias, Anastasios and Mahoney, Michael W. and Drineas, Petros},
	year = {2011}
}

@inproceedings{hocking_clusterpath_2011,
	title = {Clusterpath an algorithm for clustering using convex fusion penalties},
	url = {http://hal.inria.fr/hal-00591630/},
	booktitle = {28th international conference on machine learning},
	author = {Hocking, Toby Dylan and Joulin, Armand and Bach, Francis and Vert, Jean-Philippe},
	year = {2011}
}

@inproceedings{mahoney_approximate_2012,
	title = {Approximate computation and implicit regularization for very large-scale data analysis},
	booktitle = {Proceedings of the 31st symposium on Principles of Database Systems},
	publisher = {{ACM}},
	author = {Mahoney, Michael W.},
	year = {2012},
	pages = {143--154}
}

@inproceedings{han_scalable_2013,
	title = {A scalable random forest algorithm based on {MapReduce}},
	booktitle = {Software Engineering and Service Science ({ICSESS}), 2013 4th {IEEE} International Conference on},
	publisher = {{IEEE}},
	author = {Han, Jiawei and Liu, Yanheng and Sun, Xin},
	year = {2013},
	pages = {849--852}
}

@article{duan_comparison_1983,
	title = {A comparison of alternative models for the demand for medical care},
	volume = {1},
	urldate = {2014-11-14},
	journal = {Journal of Business \& Economic Statistics},
	author = {Duan, Naihua and Manning, Willard G. and Morris, Carl N. and Newhouse, Joseph P.},
	year = {1983}
}

@article{panda_planet:_2009,
	title = {Planet: massively parallel learning of tree ensembles with mapreduce},
	volume = {2},
	shorttitle = {Planet},
	number = {2},
	journal = {Proceedings of the {VLDB} Endowment},
	author = {Panda, Biswanath and Herbach, Joshua S. and Basu, Sugato and Bayardo, Roberto J.},
	year = {2009},
	pages = {1426--1437}
}

@article{brown_means_1977,
	title = {Means and variances of stochastic vector products with applications to random linear models},
	volume = {24},
	number = {2},
	urldate = {2014-11-06},
	journal = {Management Science},
	author = {Brown, Gerald G. and Rutemiller, Herbert C.},
	year = {1977},
	pages = {210--216}
}

@article{white_heteroskedasticity-consistent_1980,
	title = {A heteroskedasticity-consistent covariance matrix estimator and a direct test for heteroskedasticity},
	volume = {48},
	journal = {Econometrica},
	author = {White, Halbert},
	year = {1980}
}

@article{imbens_nonparametric_2004,
	title = {Nonparametric Estimation Of Average Treatment Effects under Exogeneity: A Review},
	volume = {86},
	journal = {The Review of Economics and Statistics},
	author = {Imbens, Guido},
	year = {2004},
	pages = {4--29}
}

@article{hirose_tuning_2013,
	title = {Tuning parameter selection in sparse regression modeling},
	volume = {59},
	journal = {Computational Statistics \& Data Analysis},
	author = {Hirose, Kei and Tateishi, Shohei and Konishi, Sadanori},
	year = {2013},
	pages = {28--40}
}

@inproceedings{clyde_bagging_2001,
	title = {Bagging and the {B}ayesian bootstrap},
	booktitle = {AI Stats},
	author = {Clyde, Merlise and Lee, Herbert},
	year = {2001}
}

@article{rubin_bayesian_1981,
	title = {The {B}ayesian bootstrap},
	volume = {9},
	journal = {The Annals of Statistics},
	author = {Rubin, Donald},
	year = {1981},
	pages = {130--134}
}

@techreport{lancaster_note_2003,
	title = {A note on bootstraps and robustness},
	institution = {Working Paper, Brown University, Department of Economics},
	author = {Lancaster, Tony},
	year = {2003}
}


@article{chamberlain_nonparametric_2003,
	title = {Nonparametric Applications of {B}ayesian Inference},
	volume = {21},
	language = {en},
	urldate = {2014-11-03},
	journal = {Journal of Business \& Economic Statistics},
	author = {Chamberlain, Gary and Imbens, Guido W},
	year = {2003},
	pages = {12--18}
}

@article{mccaffrey_propensity_2004,
	title = {Propensity Score Estimation With Boosted Regression for Evaluating Causal Effects in Observational Studies.},
	volume = {9},
	journal = {Psychological Methods},
	author = {McCaffrey, Daniel F. and Ridgeway, Greg and Morral, Andrew R.},
	year = {2004},
	pages = {403--425}
}



@article{kass_approximate_1989,
	title = {Approximate {B}ayesian Inference in Conditionally Independent Hierarchical Models},
	volume = {84},
	urldate = {2014-12-12},
	journal = {Journal of the American Statistical Association},
	author = {Kass, Robert E. and Steffey, Duane},
	year = {1989}
}

@article{connor_concepts_1969,
	title = {Concepts of Independence for Proportions with a Generalization of the Dirichlet Distribution},
	volume = {64},
	urldate = {2014-11-22},
	journal = {Journal of the American Statistical Association},
	author = {Connor, Robert J. and Mosimann, James E.},
	year = {1969}
}

@article{poirier_bayesian_2011,
	title = {Bayesian Interpretations of Heteroskedastic Consistent Covariance Estimators Using the Informed Bayesian Bootstrap},
	volume = {30},
	journal = {Econometric Reviews},
	author = {Poirier, Dale J.},
	year = {2011},
	pages = {457--468}
}


@inproceedings{domingos_why_1997,
	title = {Why Does Bagging Work? A Bayesian Account and its Implications},
	booktitle = {International Conference on Knowledge Discovery and Data Mining},
	author = {Domingos, Pedro},
	year = {1997}
}

@book{breiman_classification_1984,
	title = {Classification and regression trees},
	publisher = {Chapman \& Hall/{CRC}},
	author = {Breiman, Leo and Friedman, Jerome and Olshen, Richard and Stone, Charles},
	year = {1984}
}

@book{hollander_nonparametric_1999,
	edition = {2nd},
	title = {Nonparametric Statistical Methods},
	publisher = {Wiley},
	author = {Hollander, Myles and Wolfe, Douglas},
	year = {1999}
}

@article{geurts_extremely_2006,
	title = {Extremely randomized trees},
	volume = {63},
	urldate = {2015-01-22},
	journal = {Machine Learning},
	author = {Geurts, Pierre and Ernst, Damien and Wehenkel, Louis},
	year = {2006},
	pages = {3--42}
}

@article{friedman_multivariate_1991,
	title = {Multivariate Adaptive Regression Splines},
	volume = {19},
	journal = {The Annals of Statistics},
	author = {Friedman, Jerome},
	year = {1991},
	pages = {1--67}
}

@book{efron_large-scale_2010,
	series = {{IMS} Statistics Monographs},
	title = {Large-Scale Inference: Empirical Bayes Methods for Estimation, Testing, and Prediction},
	publisher = {Cambridge},
	author = {Efron, Bradley},
	year = {2010}
}

@incollection{geurts_investigation_2000,
	title = {Investigation and reduction of discretization variance in decision tree induction},
	urldate = {2015-01-26},
	booktitle = {Machine Learning: {ECML}},
	year = {2000},
	publisher = {Springer},
	author = {Geurts, Pierre and Wehenkel, Louis},
	pages = {162--170}
}

@inproceedings{appel_quickly_2013,
	title = {Quickly boosting decision trees-pruning underachieving features early},
	volume = {28},
	booktitle = {{JMLR} Workshop and Conference Proceedings},
	author = {Appel, Ron and Fuchs, Thomas and Dollár, Piotr and Perona, Pietro},
	year = {2013},
	pages = {594--602}
}

@article{kass_exploratory_1980,
	title = {An Exploratory Technique for Investigating Large Quantities of Categorical Data},
	volume = {29},
	journal = {Applied Statistics},
	author = {Kass, G. V.},
	year = {1980},
	pages = {119--127}
}

@article{loh_regression_2002,
	title = {Regression trees with unbiased variable selection and interaction detection},
	volume = {12},
	urldate = {2015-01-28},
	journal = {Statistica Sinica},
	author = {Loh, Wei-Yin},
	year = {2002},
	pages = {361--386}
}

@article{hothorn_unbiased_2006,
	title = {Unbiased Recursive Partitioning: A Conditional Inference Framework},
	volume = {15},
	urldate = {2015-01-28},
	journal = {Journal of Computational and Graphical Statistics},
	author = {Hothorn, Torsten and Hornik, Kurt and Zeileis, Achim},
	year = {2006},
	pages = {651--674}
}

@article{taddy_heterogeneous_2014,
	title = {Heterogeneous Treatment Effects in Digital Experimentation},
	journal = {{arXiv}:1412.8563},
	author = {Taddy, Matt and Gardner, Matt and Chen, Liyun and Draper, David},
	year = {2014}
}

@article{scikit-learn,
 title={Scikit-learn: Machine Learning in {P}ython},
 author={Pedregosa, F. and Varoquaux, G. and Gramfort, A. and Michel, V.
         and Thirion, B. and Grisel, O. and Blondel, M. and Prettenhofer, P.
         and Weiss, R. and Dubourg, V. and Vanderplas, J. and Passos, A. and
         Cournapeau, D. and Brucher, M. and Perrot, M. and Duchesnay, E.},
 journal={Journal of Machine Learning Research},
 volume={12},
 pages={2825--2830},
 year={2011}
}

@Book{mass,
    title = {Modern Applied Statistics with S},
    author = {W. N. Venables and B. D. Ripley},
    publisher = {Springer},
    edition = {Fourth},
    address = {New York},
    year = {2002}
  }

@article{calidata,
	title = {Sparse Spatial Autoregressions},
	author = {Pace, R. Kelley and Ronald Barry},
	journal={Statistics and Probability Letters},
	volume={33},
	year={1997},
	pages={291--297}
	}

@article{CorCer09,
	Author = {P. Cortez and A. Cerdeira and F. Almeida and T. Matos and J. Reis},
	Journal = {Decision Support Systems},
	Number = {4},
	Pages = {547-553},
	Title = {{Modeling wine preferences by data mining from physicochemical properties}},
	Volume = {47},
	Year = {1998}
       }